@misc{Cosinesi72:online,
author = {},
title = {Cosine similarity - Wikipedia},
howpublished = {\url{https://en.wikipedia.org/wiki/Cosine_similarity}},
month = {},
year = {},
note = {(Accessed on 05/06/2020)}
}

@misc{GloVeGlo18:online,
	author = {},
	title = {GloVe: Global Vectors for Word Representation},
	howpublished = {\url{https://nlp.stanford.edu/projects/glove/}},
	month = {},
	year = {},
	note = {(Accessed on 05/06/2020)}
}
@misc{UsingCUD95:online,
	author = {},
	title = {Using CUDA Warp-Level Primitives | NVIDIA Developer Blog},
	howpublished = {\url{https://devblogs.nvidia.com/using-cuda-warp-level-primitives/}},
	month = {},
	year = {},
	note = {(Accessed on 20/06/2020)}
}